<?xml version="1.0" encoding="UTF-8"?>
<!DOCTYPE html PUBLIC "-//W3C//DTD XHTML 1.0 Transitional//EN"
    "http://www.w3.org/TR/xhtml1/DTD/xhtml1-transitional.dtd">
<html xmlns="http://www.w3.org/1999/xhtml" xml:lang="en" lang="en">
 <head>
  <title>
</title>
<meta http-equiv="Content-Type" content="text/html;charset=utf-8" />
  <meta name='ocr-system' content='tesseract 3.04.00' />
  <meta name='ocr-capabilities' content='ocr_page ocr_carea ocr_par ocr_line ocrx_word'/>
</head>
<body>
  <div class='ocr_page' id='page_1' title='image "./floracapensissi01thungoog_0021.png"; bbox 0 0 2512 4704; ppageno 0'>
   <div class='ocr_carea' id='block_1_1' title="bbox 384 231 1235 350">
    <p class='ocr_par' dir='ltr' id='par_1_1' title="bbox 384 231 1235 350">
     <span class='ocr_line' id='line_1_1' title="bbox 384 231 1235 350; baseline 0.016 -29"><span class='ocrx_word' id='word_1_1' title='bbox 384 231 390 244; x_wconf 52' lang='lat'>⁸</span> <span class='ocrx_word' id='word_1_2' title='bbox 441 236 669 334; x_wconf 75' lang='lat' dir='ltr'>l’aaurarro.</span> <span class='ocrx_word' id='word_1_3' title='bbox 686 254 890 350; x_wconf 65' lang='lat' dir='ltr'>Aucroa&#39;ps.</span> <span class='ocrx_word' id='word_1_4' title='bbox 1168 246 1235 334; x_wconf 71' lang='lat' dir='ltr'>sur¹</span> 
     </span>
    </p>
   </div>
   <div class='ocr_carea' id='block_1_2' title="bbox 60 443 1237 1487">
    <p class='ocr_par' dir='ltr' id='par_1_2' title="bbox 157 443 1093 560">
     <span class='ocr_line' id='line_1_2' title="bbox 157 443 1093 560; baseline -0.003 -36"><span class='ocrx_word' id='word_1_5' title='bbox 157 449 220 526; x_wconf 85' lang='lat' dir='ltr'><em>A</em></span> <span class='ocrx_word' id='word_1_6' title='bbox 206 473 326 533; x_wconf 76' lang='lat' dir='ltr'>aram</span> <span class='ocrx_word' id='word_1_7' title='bbox 347 443 579 560; x_wconf 70' lang='lat' dir='ltr'>aquaticam,</span> <span class='ocrx_word' id='word_1_8' title='bbox 604 449 802 523; x_wconf 71' lang='lat' dir='ltr'>florentem·</span> <span class='ocrx_word' id='word_1_9' title='bbox 811 449 1009 521; x_wconf 72' lang='lat' dir='ltr'>Februario</span> <span class='ocrx_word' id='word_1_10' title='bbox 1085 502 1093 521; x_wconf 78' lang='lat'>.</span> 
     </span>
    </p>

    <p class='ocr_par' dir='ltr' id='par_1_3' title="bbox 60 546 1232 714">
     <span class='ocr_line' id='line_1_3' title="bbox 159 546 1232 663; baseline 0.007 -44"><span class='ocrx_word' id='word_1_11' title='bbox 159 547 217 620; x_wconf 86' lang='lat' dir='ltr'>Pl</span> <span class='ocrx_word' id='word_1_12' title='bbox 201 547 481 648; x_wconf 74' lang='lat' dir='ltr'>lontoginem</span> <span class='ocrx_word' id='word_1_13' title='bbox 499 546 676 639; x_wconf 84' lang='lat' dir='ltr'>mojorem</span> <span class='ocrx_word' id='word_1_14' title='bbox 698 547 796 616; x_wconf 84' lang='lat' dir='ltr'>valde</span> <span class='ocrx_word' id='word_1_15' title='bbox 820 570 1054 663; x_wconf 83' lang='lat' dir='ltr'>communem</span> <span class='ocrx_word' id='word_1_16' title='bbox 1064 560 1099 621; x_wconf 85' lang='lat' dir='ltr'>et</span> <span class='ocrx_word' id='word_1_17' title='bbox 1114 552 1232 628; x_wconf 70' lang='lat' dir='ltr'>media</span> 
     </span>
     <span class='ocr_line' id='line_1_4' title="bbox 60 646 1124 714; baseline 0.003 -2"><span class='ocrx_word' id='word_1_18' title='bbox 60 653 189 714; x_wconf 65' lang='lat' dir='ltr'>testata</span> <span class='ocrx_word' id='word_1_19' title='bbox 205 646 413 713; x_wconf 81' lang='lat' dir='ltr'>florentena.</span> <span class='ocrx_word' id='word_1_20' title='bbox 491 700 496 709; x_wconf 93' lang='lat'>.</span> <span class='ocrx_word' id='word_1_21' title='bbox 524 684 548 709; x_wconf 68' lang='grc' dir='ltr'>,ι</span> <span class='ocrx_word' id='word_1_22' title='bbox 594 676 596 685; x_wconf 93' lang='grc'><strong><em>·</em></strong></span> <span class='ocrx_word' id='word_1_23' title='bbox 664 664 667 671; x_wconf 90' lang='grc'><em>·</em></span> <span class='ocrx_word' id='word_1_24' title='bbox 905 680 910 687; x_wconf 94' lang='grc'><strong><em>·</em></strong></span> <span class='ocrx_word' id='word_1_25' title='bbox 1121 684 1124 689; x_wconf 90' lang='grc'><strong><em>·</em></strong></span> 
     </span>
    </p>

    <p class='ocr_par' dir='ltr' id='par_1_4' title="bbox 137 670 1081 824">
     <span class='ocr_line' id='line_1_5' title="bbox 137 670 1081 824; baseline 0.002 -11.041"><span class='ocrx_word' id='word_1_26' title='bbox 137 740 392 813; x_wconf 74' lang='lat' dir='ltr'>Daturum</span> <span class='ocrx_word' id='word_1_27' title='bbox 416 736 690 824; x_wconf 81' lang='lat' dir='ltr'>Stramonium,</span> <span class='ocrx_word' id='word_1_28' title='bbox 702 694 912 815; x_wconf 77' lang='lat' dir='ltr'>floientam</span> <span class='ocrx_word' id='word_1_29' title='bbox 920 670 1064 811; x_wconf 80' lang='lat' dir='ltr'>Juli&#39;o.</span> <span class='ocrx_word' id='word_1_30' title='bbox 1077 808 1081 815; x_wconf 91' lang='lat'>.</span> 
     </span>
    </p>

    <p class='ocr_par' dir='ltr' id='par_1_5' title="bbox 60 835 1229 1220">
     <span class='ocr_line' id='line_1_6' title="bbox 94 835 1229 939; baseline 0.009 -32.545"><span class='ocrx_word' id='word_1_31' title='bbox 94 835 381 907; x_wconf 84' lang='lat' dir='ltr'>Solanum</span> <span class='ocrx_word' id='word_1_32' title='bbox 406 835 572 939; x_wconf 81' lang='lat' dir='ltr'>nigrum,</span> <span class='ocrx_word' id='word_1_33' title='bbox 595 839 704 931; x_wconf 78' lang='lat' dir='ltr'>‘quod</span> <span class='ocrx_word' id='word_1_34' title='bbox 728 862 868 932; x_wconf 83' lang='lat' dir='ltr'>quoque</span> <span class='ocrx_word' id='word_1_35' title='bbox 905 839 1086 908; x_wconf 78' lang='lat' dir='ltr'>obvenit</span> <span class='ocrx_word' id='word_1_36' title='bbox 1075 870 1115 913; x_wconf 86' lang='grc' dir='ltr'>ιιι</span> <span class='ocrx_word' id='word_1_37' title='bbox 1137 847 1229 915; x_wconf 87' lang='lat' dir='ltr'>Leu-</span> 
     </span>
     <span class='ocr_line' id='line_1_7' title="bbox 60 898 1230 1030; baseline 0.007 -25"><span class='ocrx_word' id='word_1_38' title='bbox 60 935 226 1029; x_wconf 76' lang='lat' dir='ltr'>weberg,</span> <span class='ocrx_word' id='word_1_39' title='bbox 247 934 342 1003; x_wconf 78' lang='lat' dir='ltr'>iufra</span> <span class='ocrx_word' id='word_1_40' title='bbox 364 898 579 1027; x_wconf 79' lang='lat' dir='ltr'>Paardeberg</span> <span class='ocrx_word' id='word_1_41' title='bbox 603 946 638 1004; x_wconf 84' lang='lat' dir='ltr'>et</span> <span class='ocrx_word' id='word_1_42' title='bbox 661 935 753 1005; x_wconf 84' lang='lat' dir='ltr'>alibi.</span> <span class='ocrx_word' id='word_1_43' title='bbox 801 936 936 1005; x_wconf 79' lang='lat' dir='ltr'><strong>Floret</strong></span> <span class='ocrx_word' id='word_1_44' title='bbox 951 939 1103 1030; x_wconf 74' lang='lat' dir='ltr'>Augusto</span> <span class='ocrx_word' id='word_1_45' title='bbox 1126 952 1160 1009; x_wconf 91' lang='lat' dir='ltr'>et</span> <span class='ocrx_word' id='word_1_46' title='bbox 1178 970 1230 1013; x_wconf 85' lang='lat' dir='ltr'>se-</span> 
     </span>
     <span class='ocr_line' id='line_1_8' title="bbox 61 1029 1229 1187; baseline 0.007 -86"><span class='ocrx_word' id='word_1_47' title='bbox 61 1030 249 1125; x_wconf 77' lang='lat' dir='ltr'>quentibus</span> <span class='ocrx_word' id='word_1_48' title='bbox 273 1031 502 1100; x_wconf 67' lang='lat' dir='ltr'>mensibus·</span> <span class='ocrx_word' id='word_1_49' title='bbox 511 1031 659 1103; x_wconf 71' lang='lat' dir='ltr'>Sumus</span> <span class='ocrx_word' id='word_1_50' title='bbox 683 1029 787 1124; x_wconf 78' lang='lat' dir='ltr'>hujus</span> <span class='ocrx_word' id='word_1_51' title='bbox 809 1056 885 1187; x_wconf 86' lang='lat' dir='ltr'>pro.</span> <span class='ocrx_word' id='word_1_52' title='bbox 900 1035 1087 1126; x_wconf 81' lang='lat' dir='ltr'>unguentis</span> <span class='ocrx_word' id='word_1_53' title='bbox 1114 1039 1157 1107; x_wconf 85' lang='lat' dir='ltr'>ad</span> <span class='ocrx_word' id='word_1_54' title='bbox 1182 1040 1229 1109; x_wconf 87' lang='lat' dir='ltr'>fa·</span> 
     </span>
     <span class='ocr_line' id='line_1_9' title="bbox 61 1127 798 1236; baseline 0 -37"><span class='ocrx_word' id='word_1_55' title='bbox 61 1130 174 1199; x_wconf 72' lang='lat' dir='ltr'>unda</span> <span class='ocrx_word' id='word_1_56' title='bbox 198 1130 321 1198; x_wconf 83' lang='lat' dir='ltr'>ulcera</span> <span class='ocrx_word' id='word_1_57' title='bbox 344 1127 553 1236; x_wconf 70' lang='lat' dir='ltr'><strong>exprimitur</strong></span> <span class='ocrx_word' id='word_1_58' title='bbox 576 1152 595 1197; x_wconf 86' lang='lat' dir='ltr'>a</span> <span class='ocrx_word' id='word_1_59' title='bbox 618 1128 798 1199; x_wconf 66' lang='lat' dir='ltr'>Colonia</span> 
     </span>
    </p>

    <p class='ocr_par' dir='ltr' id='par_1_6' title="bbox 64 1221 1237 1405">
     <span class='ocr_line' id='line_1_10' title="bbox 155 1221 1237 1320; baseline 0.004 -23"><span class='ocrx_word' id='word_1_60' title='bbox 155 1222 405 1313; x_wconf 69' lang='lat' dir='ltr'>Cannabim</span> <span class='ocrx_word' id='word_1_61' title='bbox 437 1221 611 1307; x_wconf 81' lang='lat' dir='ltr'>sativam,</span> <span class='ocrx_word' id='word_1_62' title='bbox 653 1248 741 1320; x_wconf 87' lang='lat' dir='ltr'>quae</span> <span class='ocrx_word' id='word_1_63' title='bbox 778 1226 816 1294; x_wconf 91' lang='lat' dir='ltr'>in</span> <span class='ocrx_word' id='word_1_64' title='bbox 843 1227 1057 1320; x_wconf 80' lang='lat' dir='ltr'>quibusdam</span> <span class='ocrx_word' id='word_1_65' title='bbox 1089 1231 1158 1299; x_wconf 84' lang='lat' dir='ltr'>oria</span> <span class='ocrx_word' id='word_1_66' title='bbox 1182 1234 1237 1302; x_wconf 84' lang='lat' dir='ltr'>ab·</span> 
     </span>
     <span class='ocr_line' id='line_1_11' title="bbox 64 1308 1228 1487; baseline 0.005 -95"><span class='ocrx_word' id='word_1_67' title='bbox 64 1324 147 1487; x_wconf 75' lang='lat' dir='ltr'>urbe</span> <span class='ocrx_word' id='word_1_68' title='bbox 170 1323 315 1393; x_wconf 85' lang='lat' dir='ltr'>remotis</span> <span class='ocrx_word' id='word_1_69' title='bbox 341 1308 433 1391; x_wconf 82' lang='lat' dir='ltr'>culta</span> <span class='ocrx_word' id='word_1_70' title='bbox 459 1321 630 1405; x_wconf 70' lang='lat' dir='ltr'>occurrit,</span> <span class='ocrx_word' id='word_1_71' title='bbox 664 1324 766 1391; x_wconf 90' lang='lat' dir='ltr'>etiam</span> <span class='ocrx_word' id='word_1_72' title='bbox 791 1348 812 1391; x_wconf 90' lang='lat' dir='ltr'>a</span> <span class='ocrx_word' id='word_1_73' title='bbox 835 1326 1031 1395; x_wconf 77' lang='lat' dir='ltr'>nonnullis</span> <span class='ocrx_word' id='word_1_74' title='bbox 1038 1328 1228 1402; x_wconf 83' lang='lat' dir='ltr'>Hottentot·</span> 
     </span>
    </p>
   </div>
   <div class='ocr_carea' id='block_1_3' title="bbox 67 1410 1227 1599">
    <p class='ocr_par' dir='ltr' id='par_1_7' title="bbox 67 1410 1227 1585">
     <span class='ocr_line' id='line_1_12' title="bbox 67 1410 1227 1559; baseline 0.008 -72.377"><span class='ocrx_word' id='word_1_75' title='bbox 67 1430 125 1503; x_wconf 79' lang='lat' dir='ltr'>tu,</span> <span class='ocrx_word' id='word_1_76' title='bbox 153 1422 212 1513; x_wconf 76' lang='lat' dir='ltr'>qui</span> <span class='ocrx_word' id='word_1_77' title='bbox 233 1420 395 1512; x_wconf 85' lang='lat' dir='ltr'>plantam</span> <span class='ocrx_word' id='word_1_78' title='bbox 420 1427 502 1485; x_wconf 81' lang='lat' dir='ltr'>cuni</span> <span class='ocrx_word' id='word_1_79' title='bbox 519 1410 703 1491; x_wconf 79' lang='lat' dir='ltr'>Taboco</span> <span class='ocrx_word' id='word_1_80' title='bbox 728 1421 891 1507; x_wconf 77' lang='lat' dir='ltr'>mixtana,</span> <span class='ocrx_word' id='word_1_81' title='bbox 925 1433 966 1490; x_wconf 90' lang='lat' dir='ltr'>ut</span> <span class='ocrx_word' id='word_1_82' title='bbox 999 1424 1163 1559; x_wconf 81' lang='lat' dir='ltr'>fortius</span> <span class='ocrx_word' id='word_1_83' title='bbox 1154 1454 1227 1496; x_wconf 78' lang='lat' dir='ltr'>lne-</span> 
     </span>
     <span class='ocr_line' id='line_1_13' title="bbox 70 1514 477 1599; baseline 0.003 -19"><span class='ocrx_word' id='word_1_84' title='bbox 70 1514 331 1599; x_wconf 74' lang='lat' dir='ltr'>briet,lumo1·e</span> <span class='ocrx_word' id='word_1_85' title='bbox 356 1516 477 1582; x_wconf 79' lang='lat' dir='ltr'>solent.</span> 
     </span>
    </p>
   </div>
   <div class='ocr_carea' id='block_1_4' title="bbox 65 1566 1225 1926">
    <p class='ocr_par' dir='ltr' id='par_1_8' title="bbox 65 1566 1225 1899">
     <span class='ocr_line' id='line_1_14' title="bbox 125 1566 1225 1709; baseline 0.004 -28.128"><span class='ocrx_word' id='word_1_86' title='bbox 125 1566 331 1682; x_wconf 83' lang='lat' dir='ltr'>·l&#39;rasterea</span> <span class='ocrx_word' id='word_1_87' title='bbox 356 1613 448 1680; x_wconf 85' lang='lat' dir='ltr'>intra</span> <span class='ocrx_word' id='word_1_88' title='bbox 472 1621 506 1680; x_wconf 82' lang='lat' dir='ltr'>et</span> <span class='ocrx_word' id='word_1_89' title='bbox 530 1623 627 1681; x_wconf 84' lang='lat' dir='ltr'>extra</span> <span class='ocrx_word' id='word_1_90' title='bbox 646 1611 762 1699; x_wconf 82' lang='lat' dir='ltr'>bprtos</span> <span class='ocrx_word' id='word_1_91' title='bbox 787 1614 882 1684; x_wconf 87' lang='lat' dir='ltr'>urbis</span> <span class='ocrx_word' id='word_1_92' title='bbox 906 1629 1062 1709; x_wconf 75' lang='lat' dir='ltr'>crescunt</span> <span class='ocrx_word' id='word_1_93' title='bbox 1096 1616 1225 1689; x_wconf 81' lang='lat' dir='ltr'>Thla-</span> 
     </span>
     <span class='ocr_line' id='line_1_15' title="bbox 68 1698 1225 1807; baseline 0.006 -31"><span class='ocrx_word' id='word_1_94' title='bbox 68 1729 128 1803; x_wconf 67' lang='grc' dir='ltr'>ιρι</span> <span class='ocrx_word' id='word_1_95' title='bbox 123 1705 284 1792; x_wconf 57' lang='lat' dir='ltr'>bursae</span> <span class='ocrx_word' id='word_1_96' title='bbox 324 1705 380 1782; x_wconf 85' lang='lat' dir='ltr'><em>V</em></span> <span class='ocrx_word' id='word_1_97' title='bbox 366 1731 455 1777; x_wconf 80' lang='grc' dir='ltr'>ιοια</span> <span class='ocrx_word' id='word_1_98' title='bbox 482 1706 619 1792; x_wconf 82' lang='lat' dir='ltr'>sativo,</span> <span class='ocrx_word' id='word_1_99' title='bbox 644 1708 770 1781; x_wconf 79' lang='lat' dir='ltr'>florens</span> <span class='ocrx_word' id='word_1_100' title='bbox 795 1711 888 1779; x_wconf 87' lang='lat' dir='ltr'>lulio</span> <span class='ocrx_word' id='word_1_101' title='bbox 907 1725 953 1781; x_wconf 86' lang='lat' dir='ltr'>et</span> <span class='ocrx_word' id='word_1_102' title='bbox 960 1698 1138 1783; x_wconf 77' lang='lat' dir='ltr'>iraterdum</span> <span class='ocrx_word' id='word_1_103' title='bbox 1160 1741 1225 1807; x_wconf 78' lang='lat' dir='ltr'>pao</span> 
     </span>
     <span class='ocr_line' id='line_1_16' title="bbox 65 1804 1225 1926; baseline 0.009 -55"><span class='ocrx_word' id='word_1_104' title='bbox 65 1806 271 1875; x_wconf 74' lang='lat' dir='ltr'>nub-buente</span> <span class='ocrx_word' id='word_1_105' title='bbox 299 1829 477 1899; x_wconf 81' lang='lat' dir='ltr'>equorum</span> <span class='ocrx_word' id='word_1_106' title='bbox 502 1806 631 1891; x_wconf 85' lang='lat' dir='ltr'>culta,</span> <span class='ocrx_word' id='word_1_107' title='bbox 651 1816 753 1926; x_wconf 84' lang='lat' dir='ltr'>atque</span> <span class='ocrx_word' id='word_1_108' title='bbox 788 1804 997 1881; x_wconf 80' lang='lat' dir='ltr'>Carduus</span> <span class='ocrx_word' id='word_1_109' title='bbox 1031 1813 1225 1882; x_wconf 73' lang='lat' dir='ltr'>marianas</span> 
     </span>
    </p>
   </div>
   <div class='ocr_carea' id='block_1_5' title="bbox 10 1992 1224 2871">
    <p class='ocr_par' dir='ltr' id='par_1_9' title="bbox 62 1992 1224 2191">
     <span class='ocr_line' id='line_1_17' title="bbox 156 1992 1224 2101; baseline 0.002 -29"><span class='ocrx_word' id='word_1_110' title='bbox 156 1992 400 2090; x_wconf 65' lang='lat' dir='ltr'>Trifolium</span> <span class='ocrx_word' id='word_1_111' title='bbox 421 1993 637 2097; x_wconf 74' lang='lat' dir='ltr'>angustifhl</span> <span class='ocrx_word' id='word_1_112' title='bbox 623 2025 715 2069; x_wconf 80' lang='lat' dir='ltr'>aum</span> <span class='ocrx_word' id='word_1_113' title='bbox 712 2001 826 2073; x_wconf 82' lang='lat' dir='ltr'>eolles</span> <span class='ocrx_word' id='word_1_114' title='bbox 851 2015 957 2077; x_wconf 73' lang='lat' dir='ltr'>aaut</span> <span class='ocrx_word' id='word_1_115' title='bbox 954 2029 1136 2101; x_wconf 86' lang='lat' dir='ltr'>capenses,</span> <span class='ocrx_word' id='word_1_116' title='bbox 1162 2005 1224 2074; x_wconf 68' lang='lat' dir='ltr'>llo«</span> 
     </span>
     <span class='ocr_line' id='line_1_18' title="bbox 62 2097 859 2191; baseline 0.005 -26"><span class='ocrx_word' id='word_1_117' title='bbox 62 2119 135 2165; x_wconf 81' lang='lat' dir='ltr'>rens</span> <span class='ocrx_word' id='word_1_118' title='bbox 155 2097 349 2169; x_wconf 84' lang='lat' dir='ltr'>Novembri</span> <span class='ocrx_word' id='word_1_119' title='bbox 375 2107 409 2165; x_wconf 86' lang='lat' dir='ltr'>et</span> <span class='ocrx_word' id='word_1_120' title='bbox 433 2098 646 2182; x_wconf 79' lang='lat' dir='ltr'>Decembri,</span> <span class='ocrx_word' id='word_1_121' title='bbox 672 2110 781 2191; x_wconf 83' lang='lat' dir='ltr'>atque</span> <span class='ocrx_word' id='word_1_122' title='bbox 856 2152 859 2157; x_wconf 84' lang='lat'>-</span> 
     </span>
    </p>

    <p class='ocr_par' dir='ltr' id='par_1_10' title="bbox 10 2165 1221 2871">
     <span class='ocr_line' id='line_1_19' title="bbox 108 2165 1221 2299; baseline 0.001 -34"><span class='ocrx_word' id='word_1_123' title='bbox 108 2188 350 2286; x_wconf 71' lang='lat' dir='ltr'>Trifolium</span> <span class='ocrx_word' id='word_1_124' title='bbox 386 2191 518 2287; x_wconf 79' lang='lat' dir='ltr'>repens</span> <span class='ocrx_word' id='word_1_125' title='bbox 541 2194 707 2285; x_wconf 75' lang='lat' dir='ltr'>plateas</span> <span class='ocrx_word' id='word_1_126' title='bbox 697 2220 784 2287; x_wconf 76' lang='lat' dir='ltr'>ipsas</span> <span class='ocrx_word' id='word_1_127' title='bbox 810 2196 924 2282; x_wconf 88' lang='lat' dir='ltr'>urbis,</span> <span class='ocrx_word' id='word_1_128' title='bbox 960 2196 1088 2268; x_wconf 84' lang='lat' dir='ltr'>florens</span> <span class='ocrx_word' id='word_1_129' title='bbox 1111 2165 1221 2299; x_wconf 69' lang='lat' dir='ltr'>Maio,</span> 
     </span>
     <span class='ocr_line' id='line_1_20' title="bbox 10 2284 1221 2403; baseline 0.004 -44"><span class='ocrx_word' id='word_1_130' title='bbox 10 2284 15 2330; x_wconf 68' lang='lat'>²</span> <span class='ocrx_word' id='word_1_131' title='bbox 135 2291 383 2383; x_wconf 87' lang='lat' dir='ltr'>Junioqu&#39;e.</span> <span class='ocrx_word' id='word_1_132' title='bbox 459 2290 573 2358; x_wconf 88' lang='lat' dir='ltr'>Caulis</span> <span class='ocrx_word' id='word_1_133' title='bbox 606 2292 836 2379; x_wconf 83' lang='lat' dir='ltr'>decumbens,</span> <span class='ocrx_word' id='word_1_134' title='bbox 889 2314 1033 2386; x_wconf 89' lang='lat' dir='ltr'>repens,</span> <span class='ocrx_word' id='word_1_135' title='bbox 1091 2296 1221 2403; x_wconf 83' lang='lat' dir='ltr'>glaber.</span> 
     </span>
     <span class='ocr_line' id='line_1_21' title="bbox 191 2387 985 2482; baseline 0.005 -27"><span class='ocrx_word' id='word_1_136' title='bbox 191 2389 291 2457; x_wconf 87' lang='lat' dir='ltr'>Folia</span> <span class='ocrx_word' id='word_1_137' title='bbox 317 2387 558 2471; x_wconf 75' lang='lat' dir='ltr'>olacordata,</span> <span class='ocrx_word' id='word_1_138' title='bbox 545 2402 707 2473; x_wconf 82' lang='lat' dir='ltr'>nervosa,</span> <span class='ocrx_word' id='word_1_139' title='bbox 731 2391 859 2482; x_wconf 76' lang='lat' dir='ltr'>glabra.</span> <span class='ocrx_word' id='word_1_140' title='bbox 925 2405 942 2441; x_wconf 83' lang='lat'>³·</span> <span class='ocrx_word' id='word_1_141' title='bbox 970 2414 985 2447; x_wconf 85' lang='grc'>-’·</span> 
     </span>
     <span class='ocr_line' id='line_1_22' title="bbox 10 2480 1194 2584; baseline 0.002 -31"><span class='ocrx_word' id='word_1_142' title='bbox 10 2495 22 2509; x_wconf 89' lang='grc'><em>“</em></span> <span class='ocrx_word' id='word_1_143' title='bbox 99 2480 392 2584; x_wconf 81' lang='lat' dir='ltr'>Sisymbrium</span> <span class='ocrx_word' id='word_1_144' title='bbox 415 2480 678 2569; x_wconf 78' lang='lat' dir='ltr'>Nascartiam,</span> <span class='ocrx_word' id='word_1_145' title='bbox 705 2485 831 2554; x_wconf 82' lang='lat' dir='ltr'>florens</span> <span class='ocrx_word' id='word_1_146' title='bbox 856 2487 1039 2574; x_wconf 86' lang='lat' dir='ltr'>Januario,</span> <span class='ocrx_word' id='word_1_147' title='bbox 1065 2497 1099 2555; x_wconf 89' lang='lat' dir='ltr'>et</span> <span class='ocrx_word' id='word_1_148' title='bbox 1192 2540 1194 2545; x_wconf 81' lang='lat'><em>.</em></span> 
     </span>
     <span class='ocr_line' id='line_1_23' title="bbox 10 2578 1221 2678; baseline -0.001 -26"><span class='ocrx_word' id='word_1_149' title='bbox 10 2603 22 2620; x_wconf 92' lang='grc'>··</span> <span class='ocrx_word' id='word_1_150' title='bbox 100 2578 303 2654; x_wconf 77' lang='lat' dir='ltr'>Sonclrus</span> <span class='ocrx_word' id='word_1_151' title='bbox 328 2578 593 2662; x_wconf 82' lang='lat' dir='ltr'>oleroeeus,1n</span> <span class='ocrx_word' id='word_1_152' title='bbox 619 2581 740 2650; x_wconf 85' lang='lat' dir='ltr'>vinetis</span> <span class='ocrx_word' id='word_1_153' title='bbox 766 2583 939 2676; x_wconf 79' lang='lat' dir='ltr'>imprimis</span> <span class='ocrx_word' id='word_1_154' title='bbox 959 2584 1134 2678; x_wconf 81' lang='lat' dir='ltr'>frequens,</span> <span class='ocrx_word' id='word_1_155' title='bbox 1158 2583 1221 2651; x_wconf 87' lang='lat' dir='ltr'>llo-</span> 
     </span>
     <span class='ocr_line' id='line_1_24' title="bbox 188 2673 1220 2773; baseline 0 -24"><span class='ocrx_word' id='word_1_156' title='bbox 188 2702 273 2750; x_wconf 85' lang='lat' dir='ltr'>rens</span> <span class='ocrx_word' id='word_1_157' title='bbox 301 2701 320 2745; x_wconf 87' lang='lat' dir='ltr'>a</span> <span class='ocrx_word' id='word_1_158' title='bbox 345 2676 450 2745; x_wconf 91' lang='lat' dir='ltr'>Junio</span> <span class='ocrx_word' id='word_1_159' title='bbox 475 2702 583 2769; x_wconf 85' lang='lat' dir='ltr'>usque</span> <span class='ocrx_word' id='word_1_160' title='bbox 609 2677 646 2744; x_wconf 91' lang='lat' dir='ltr'>in</span> <span class='ocrx_word' id='word_1_161' title='bbox 663 2681 865 2773; x_wconf 76' lang='lat' dir='ltr'>Augustum.</span> <span class='ocrx_word' id='word_1_162' title='bbox 912 2682 1027 2751; x_wconf 87' lang='lat' dir='ltr'>Variat</span> <span class='ocrx_word' id='word_1_163' title='bbox 1050 2673 1140 2770; x_wconf 65' lang='lat' dir='ltr'>heio,</span> <span class='ocrx_word' id='word_1_164' title='bbox 1166 2681 1220 2749; x_wconf 87' lang='lat' dir='ltr'>uti</span> 
     </span>
     <span class='ocr_line' id='line_1_25' title="bbox 189 2772 941 2871; baseline 0.009 -30"><span class='ocrx_word' id='word_1_165' title='bbox 189 2775 275 2847; x_wconf 71' lang='lat' dir='ltr'>alibi</span> <span class='ocrx_word' id='word_1_166' title='bbox 302 2772 470 2867; x_wconf 83' lang='lat' dir='ltr'>soliorum</span> <span class='ocrx_word' id='word_1_167' title='bbox 494 2774 607 2867; x_wconf 72' lang='lat' dir='ltr'>figura</span> <span class='ocrx_word' id='word_1_168' title='bbox 632 2786 665 2843; x_wconf 91' lang='lat' dir='ltr'>et</span> <span class='ocrx_word' id='word_1_169' title='bbox 687 2778 941 2871; x_wconf 72' lang='lat' dir='ltr'>magnitudine</span> 
     </span>
    </p>
   </div>
   <div class='ocr_carea' id='block_1_6' title="bbox 530 2952 831 3072">
    <p class='ocr_par' dir='ltr' id='par_1_11' title="bbox 530 2952 831 3072">
     <span class='ocr_line' id='line_1_26' title="bbox 530 2952 831 3072; baseline 0.003 -1"><span class='ocrx_word' id='word_1_170' title='bbox 530 2996 734 3072; x_wconf 68' lang='lat' dir='ltr'>Losa.</span> <span class='ocrx_word' id='word_1_171' title='bbox 827 2952 831 2959; x_wconf 61' lang='grc'><strong>’</strong></span> 
     </span>
    </p>
   </div>
   <div class='ocr_carea' id='block_1_7' title="bbox 10 3154 1214 3676">
    <p class='ocr_par' dir='ltr' id='par_1_12' title="bbox 10 3154 1214 3676">
     <span class='ocr_line' id='line_1_27' title="bbox 57 3154 1214 3287; baseline 0.003 -27"><span class='ocrx_word' id='word_1_172' title='bbox 57 3204 82 3261; x_wconf 84' lang='lat' dir='ltr'>et</span> <span class='ocrx_word' id='word_1_173' title='bbox 103 3191 352 3267; x_wconf 80' lang='lat' dir='ltr'>habitationes</span> <span class='ocrx_word' id='word_1_174' title='bbox 375 3194 574 3287; x_wconf 82' lang='lat' dir='ltr'>plantarum</span> <span class='ocrx_word' id='word_1_175' title='bbox 598 3194 770 3281; x_wconf 82' lang='lat' dir='ltr'>indicavi,</span> <span class='ocrx_word' id='word_1_176' title='bbox 808 3206 848 3264; x_wconf 89' lang='lat' dir='ltr'>ut</span> <span class='ocrx_word' id='word_1_177' title='bbox 872 3194 1068 3264; x_wconf 74' lang='lat' dir='ltr'>Hortulanis</span> <span class='ocrx_word' id='word_1_178' title='bbox 1092 3154 1214 3266; x_wconf 86' lang='lat' dir='ltr'>Solum</span> 
     </span>
     <span class='ocr_line' id='line_1_28' title="bbox 55 3289 1213 3395; baseline 0 -36"><span class='ocrx_word' id='word_1_179' title='bbox 55 3289 270 3364; x_wconf 77' lang='lat' dir='ltr'>binotesceret</span> <span class='ocrx_word' id='word_1_180' title='bbox 296 3291 350 3360; x_wconf 88' lang='lat' dir='ltr'>uti</span> <span class='ocrx_word' id='word_1_181' title='bbox 375 3302 408 3360; x_wconf 89' lang='lat' dir='ltr'>et</span> <span class='ocrx_word' id='word_1_182' title='bbox 439 3291 593 3388; x_wconf 85' lang='lat' dir='ltr'>Tempus</span> <span class='ocrx_word' id='word_1_183' title='bbox 601 3289 790 3395; x_wconf 81' lang='lat' dir='ltr'>florendi,</span> <span class='ocrx_word' id='word_1_184' title='bbox 824 3293 851 3361; x_wconf 89' lang='lat' dir='ltr'>si</span> <span class='ocrx_word' id='word_1_185' title='bbox 876 3293 988 3360; x_wconf 85' lang='lat' dir='ltr'>forsan</span> <span class='ocrx_word' id='word_1_186' title='bbox 1015 3293 1153 3386; x_wconf 89' lang='lat' dir='ltr'>quid</span> <span class='ocrx_word' id='word_1_187' title='bbox 1123 3318 1213 3360; x_wconf 79' lang='lat' dir='ltr'>cirea</span> 
     </span>
     <span class='ocr_line' id='line_1_29' title="bbox 10 3382 1213 3481; baseline -0.005 -17"><span class='ocrx_word' id='word_1_188' title='bbox 10 3382 17 3464; x_wconf 48' lang='grc' dir='ltr'>ἶ</span> <span class='ocrx_word' id='word_1_189' title='bbox 53 3391 248 3463; x_wconf 76' lang='lat' dir='ltr'>tultirram</span> <span class='ocrx_word' id='word_1_190' title='bbox 236 3417 278 3458; x_wconf 88' lang='grc' dir='ltr'>ιιι</span> <span class='ocrx_word' id='word_1_191' title='bbox 305 3389 420 3456; x_wconf 88' lang='lat' dir='ltr'>Hortis</span> <span class='ocrx_word' id='word_1_192' title='bbox 436 3391 622 3481; x_wconf 75' lang='lat' dir='ltr'>Europaeis</span> <span class='ocrx_word' id='word_1_193' title='bbox 644 3382 798 3459; x_wconf 78' lang='lat' dir='ltr'>utilitatis</span> <span class='ocrx_word' id='word_1_194' title='bbox 820 3389 957 3457; x_wconf 81' lang='lat' dir='ltr'>adferre</span> <span class='ocrx_word' id='word_1_195' title='bbox 974 3391 1105 3481; x_wconf 84' lang='lat' dir='ltr'>possit.</span> <span class='ocrx_word' id='word_1_196' title='bbox 1103 3390 1213 3458; x_wconf 75' lang='lat' dir='ltr'>[oba</span> 
     </span>
     <span class='ocr_line' id='line_1_30' title="bbox 10 3465 1211 3582; baseline 0.004 -30"><span class='ocrx_word' id='word_1_197' title='bbox 10 3465 17 3494; x_wconf 74' lang='lat'>⁵</span> <span class='ocrx_word' id='word_1_198' title='bbox 51 3509 119 3556; x_wconf 76' lang='lat' dir='ltr'>vero</span> <span class='ocrx_word' id='word_1_199' title='bbox 139 3489 217 3582; x_wconf 80' lang='lat' dir='ltr'>ipsa</span> <span class='ocrx_word' id='word_1_200' title='bbox 243 3484 325 3555; x_wconf 88' lang='lat' dir='ltr'>heic</span> <span class='ocrx_word' id='word_1_201' title='bbox 351 3486 521 3577; x_wconf 79' lang='lat' dir='ltr'>explicare</span> <span class='ocrx_word' id='word_1_202' title='bbox 546 3511 587 3554; x_wconf 89' lang='lat' dir='ltr'>eo</span> <span class='ocrx_word' id='word_1_203' title='bbox 613 3488 730 3556; x_wconf 89' lang='lat' dir='ltr'>minus</span> <span class='ocrx_word' id='word_1_204' title='bbox 763 3509 898 3555; x_wconf 87' lang='lat' dir='ltr'>necesse</span> <span class='ocrx_word' id='word_1_205' title='bbox 934 3485 1038 3573; x_wconf 87' lang='lat' dir='ltr'>duxi,</span> <span class='ocrx_word' id='word_1_206' title='bbox 1071 3513 1140 3581; x_wconf 89' lang='lat' dir='ltr'>quo</span> <span class='ocrx_word' id='word_1_207' title='bbox 1159 3512 1211 3556; x_wconf 85' lang='lat' dir='ltr'>ac·</span> 
     </span>
     <span class='ocr_line' id='line_1_31' title="bbox 10 3581 1050 3676; baseline -0.009 -19"><span class='ocrx_word' id='word_1_208' title='bbox 10 3622 12 3657; x_wconf 89' lang='lat'>:</span> <span class='ocrx_word' id='word_1_209' title='bbox 48 3586 182 3656; x_wconf 73' lang='lat' dir='ltr'>ornatius</span> <span class='ocrx_word' id='word_1_210' title='bbox 208 3583 309 3653; x_wconf 84' lang='lat' dir='ltr'>illa</span> <span class='ocrx_word' id='word_1_211' title='bbox 299 3609 346 3650; x_wconf 85' lang='grc' dir='ltr'>ιιι</span> <span class='ocrx_word' id='word_1_212' title='bbox 361 3584 561 3651; x_wconf 73' lang='lat' dir='ltr'>Ismeniam</span> <span class='ocrx_word' id='word_1_213' title='bbox 586 3609 667 3655; x_wconf 88' lang='lat' dir='ltr'>meo</span> <span class='ocrx_word' id='word_1_214' title='bbox 692 3584 799 3676; x_wconf 80' lang='lat' dir='ltr'>fusius</span> <span class='ocrx_word' id='word_1_215' title='bbox 823 3581 994 3676; x_wconf 80' lang='lat' dir='ltr'>deseripsi.</span> <span class='ocrx_word' id='word_1_216' title='bbox 1046 3598 1050 3608; x_wconf 88' lang='lat'><em>&#39;</em></span> 
     </span>
    </p>
   </div>
   <div class='ocr_carea' id='block_1_8' title="bbox 527 3804 735 3883">
    <p class='ocr_par' dir='ltr' id='par_1_13' title="bbox 527 3804 735 3883">
     <span class='ocr_line' id='line_1_32' title="bbox 527 3804 735 3883; baseline 0 -2"><span class='ocrx_word' id='word_1_217' title='bbox 527 3804 735 3883; x_wconf 85' lang='lat' dir='ltr'><em>USUM</em></span> 
     </span>
    </p>
   </div>
   <div class='ocr_carea' id='block_1_9' title="bbox 37 4002 1208 4318">
    <p class='ocr_par' dir='ltr' id='par_1_14' title="bbox 37 4002 1207 4318">
     <span class='ocr_line' id='line_1_33' title="bbox 39 4002 1206 4123; baseline -0.003 -26"><span class='ocrx_word' id='word_1_218' title='bbox 39 4028 256 4118; x_wconf 81' lang='lat' dir='ltr'>Herbarum,</span> <span class='ocrx_word' id='word_1_219' title='bbox 283 4002 487 4114; x_wconf 83' lang='lat' dir='ltr'>Fruticum,</span> <span class='ocrx_word' id='word_1_220' title='bbox 511 4029 704 4115; x_wconf 80' lang='lat' dir='ltr'>Arborum,</span> <span class='ocrx_word' id='word_1_221' title='bbox 730 4051 921 4123; x_wconf 87' lang='lat' dir='ltr'>earumque</span> <span class='ocrx_word' id='word_1_222' title='bbox 947 4026 1099 4117; x_wconf 87' lang='lat' dir='ltr'>partium</span> <span class='ocrx_word' id='word_1_223' title='bbox 1119 4049 1206 4096; x_wconf 84' lang='lat' dir='ltr'>sem·</span> 
     </span>
     <span class='ocr_line' id='line_1_34' title="bbox 37 4082 1208 4226; baseline -0.006 -29"><span class='ocrx_word' id='word_1_224' title='bbox 37 4148 95 4219; x_wconf 83' lang='lat' dir='ltr'>per</span> <span class='ocrx_word' id='word_1_225' title='bbox 117 4082 290 4226; x_wconf 67' lang='lat' dir='ltr'>indagaris</span> <span class='ocrx_word' id='word_1_226' title='bbox 307 4128 449 4196; x_wconf 83' lang='lat' dir='ltr'>annisus</span> <span class='ocrx_word' id='word_1_227' title='bbox 475 4125 545 4210; x_wconf 86' lang='lat' dir='ltr'>fui,</span> <span class='ocrx_word' id='word_1_228' title='bbox 573 4127 792 4220; x_wconf 58' lang='lat' dir='ltr'>breviterque</span> <span class='ocrx_word' id='word_1_229' title='bbox 817 4127 987 4195; x_wconf 87' lang='lat' dir='ltr'>adfinem</span> <span class='ocrx_word' id='word_1_230' title='bbox 1011 4124 1208 4216; x_wconf 53' lang='lat' dir='ltr'>descriptio&lt;</span> 
     </span>
     <span class='ocr_line' id='line_1_35' title="bbox 38 4221 1180 4318; baseline -0.01 -18"><span class='ocrx_word' id='word_1_231' title='bbox 38 4248 118 4299; x_wconf 77' lang='lat' dir='ltr'>num</span> <span class='ocrx_word' id='word_1_232' title='bbox 138 4229 285 4300; x_wconf 81' lang='lat' dir='ltr'>adferre</span> <span class='ocrx_word' id='word_1_233' title='bbox 311 4224 426 4311; x_wconf 75' lang='lat' dir='ltr'>volui,</span> <span class='ocrx_word' id='word_1_234' title='bbox 451 4234 522 4297; x_wconf 83' lang='lat' dir='ltr'>tarn</span> <span class='ocrx_word' id='word_1_235' title='bbox 547 4225 832 4311; x_wconf 86' lang='lat' dir='ltr'>oeconomicum,</span> <span class='ocrx_word' id='word_1_236' title='bbox 859 4246 965 4318; x_wconf 85' lang='lat' dir='ltr'>quam</span> <span class='ocrx_word' id='word_1_237' title='bbox 990 4221 1180 4295; x_wconf 83' lang='lat' dir='ltr'>medicum</span> 
     </span>
    </p>
   </div>
   <div class='ocr_carea' id='block_1_10' title="bbox 867 4352 933 4417">
    <p class='ocr_par' dir='ltr' id='par_1_15' title="bbox 867 4352 933 4417">
     <span class='ocr_line' id='line_1_36' title="bbox 867 4352 933 4417; baseline 0 -24"><span class='ocrx_word' id='word_1_238' title='bbox 867 4352 933 4417; x_wconf 61' lang='lat' dir='ltr'>bt&amp;</span> 
     </span>
    </p>
   </div>
   <div class='ocr_carea' id='block_1_11' title="bbox 0 0 1262 4704">
    <p class='ocr_par' dir='ltr' id='par_1_16' title="bbox 0 0 1262 4704">
     <span class='ocr_line' id='line_1_37' title="bbox 0 0 1262 4704; baseline 0 0"><span class='ocrx_word' id='word_1_239' title='bbox 0 0 1262 4704; x_wconf 95' lang='lat' dir='ltr'> </span> 
     </span>
    </p>
   </div>
  </div>
 </body>
</html>
